Period Ending:,"LTM 
  (Last Twelve Months) ","2024
  12-31 ","2023
  12-31 ","2022
  12-31 ","2021
  12-31 ","2020
  12-31 ","2019
  12-31 ","2018
  12-31 ","2017
  12-31 ","2016
  12-31 ","2015
  12-31 ","2014
  12-31 ","2013
  12-31 ","2012
  12-31 ","2011
  12-31 ","2010
  12-31 ","2009
  12-31 ","2008
  12-31 ","2007
  12-31 ","2006
  12-31 "
Report Filing,, 2025-01-29 , 2024-01-29 , 2023-01-31 , 2022-05-02 , 2021-02-08 , 2020-02-13 , 2019-02-19 , 2018-02-23 , 2017-03-01 , 2016-02-24 , 2015-02-26 , 2014-02-26 , 2013-03-07 , 2012-03-28 , 2011-03-03 , 2009-12-31 , 2008-12-31 , 2007-12-31 , 2006-12-31 
revenue,"97,690","97,690","96,773","81,462","53,823","31,536","24,578","21,461","11,759","7,000","4,046","3,198","2,013",413,204,117,112,14.7,0.07,0.00
costOfRevenue,"80,240","80,240","79,113","60,609","40,217","24,906","20,509","17,419","9,536","5,401","3,123","2,317","1,557",383,143,86.0,102,15.9,0.01,0.62
grossProfit,"17,450","17,450","17,660","20,853","13,606","6,630","4,069","4,042","2,223","1,599",924,882,456,30.1,61.6,30.7,9.54,-1.14,0.06,-0.62
calculatedOperatingExpenses,"10,374","10,374","8,769","7,197","7,083","4,636","4,138","4,430","3,855","2,267","1,640","1,068",518,424,313,178,61.4,77.4,80.0,29.8
researchAndDevelopmentExpenses,"4,540","4,540","3,969","3,075","2,593","1,491","1,343","1,460","1,378",834,718,465,232,274,209,93.0,19.3,53.7,62.8,25.0
sellingGeneralAndAdministrativeExpenses,"5,150","5,150","4,800","3,946","4,517","3,145","2,646","2,835","2,477","1,432",922,604,286,150,104,84.6,42.2,23.6,17.2,4.82
calculatedOtherExpenses,684,684,0.00,176,-27.0,0.00,149,135,0.00,0.00,0.00,0.00,0.00,0.00,0.00,0.00,0.00,0.00,0.00,0.00
operatingIncome,"7,076","7,076","8,891","13,656","6,523","1,994",-69.0,-388,"-1,632",-667,-717,-187,-61.3,-394,-251,-147,-51.9,-78.5,-79.9,-30.4
calculatedNetInterest,"1,219","1,219",910,106,-315,-718,-641,-639,-452,-190,-117,-99.8,-32.7,0.03,0.21,-0.73,-2.37,-3.22,1.75,0.52
interestIncome,"1,569","1,569","1,066",297,56.0,30.0,44.0,24.0,19.0,8.53,1.51,1.13,0.19,0.29,0.26,0.26,0.16,0.53,1.75,0.94
interestExpense,350,350,156,191,371,748,685,663,471,199,119,101,32.9,0.25,0.04,0.99,2.53,3.75,0.00,0.42
calculatedOtherIncome,695,695,172,-43.0,135,-122,45.0,22.0,-125,111,-41.7,1.81,22.6,-1.83,-2.65,-6.58,-1.44,-0.96,0.14,0.06
incomeBeforeTax,"8,990","8,990","9,973","13,719","6,343","1,154",-665,"-1,005","-2,209",-746,-876,-285,-71.4,-396,-254,-154,-55.7,-82.7,-78.0,-29.9
incomeTaxExpense,"1,837","1,837","-5,001","1,132",699,292,110,58.0,32.0,26.7,13.0,9.40,2.59,0.14,0.49,0.17,0.03,0.10,0.11,0.10
calculatedIncomeNonControlling,62,62.0,-25.0,4.00,120,141,87.0,-87.0,-279,-98.1,0.00,0.00,0.00,0.00,0.00,0.00,0.00,0.00,0.00,0.00
netIncome,"7,091","7,091","14,999","12,583","5,524",721,-862,-976,"-1,962",-675,-889,-294,-74.0,-396,-254,-154,-55.7,-82.8,-78.2,-30.0
depreciationAndAmortization,"5,368","5,368","4,667","3,747","2,911","2,322","2,154","1,901","1,636",947,423,232,106,28.8,16.9,10.6,6.94,4.16,2.90,0.62
ebitda,"12,444","12,444","13,558","17,403","9,434","4,316","2,085","1,513",4.00,280,-294,45.2,44.8,-365,-235,-136,-45.0,-74.3,-77.0,-29.8
eps,2.21,2.230,4.730,4.020,1.870,0.250,-0.330,-0.380,-0.790,-0.310,-0.460,-0.160,-0.041,-0.250,-0.170,-0.200,-0.027,-0.040,-0.038,-0.021
epsdiluted,2.02,2.040,4.300,3.620,1.630,0.210,-0.330,-0.380,-0.790,-0.310,-0.460,-0.160,-0.041,-0.250,-0.170,-0.200,-0.027,-0.040,-0.038,-0.021
weightedAverageShsOut,"3,213","3,213","3,174","3,130","2,959","2,799","2,655","2,559","2,486","2,163","1,923","1,868","1,791","1,610","1,506",761,"2,045","2,045","2,045","1,399"
weightedAverageShsOutDil,"3,517","3,517","3,485","3,475","3,386","3,249","2,655","2,559","2,486","2,163","1,923","1,868","1,791","1,610","1,506",761,"2,045","2,045","2,045","1,399"
